<?xml version="1.0" encoding="UTF-8" ?>
<collection xmlns:xsi="http://www.w3.org/2001/XMLSchema-instance"
    xsi:schemaLocation="http://www.loc.gov/MARC21/slim
        http://www.loc.gov/standards/marcxml/schema/MARC21slim.xsd"
    xmlns="http://www.loc.gov/MARC21/slim">
<record>
  <leader>00237cam a2200445 i 4500</leader>
  <controlfield tag="001">b12499687</controlfield>
  <controlfield tag="003">LeBAU</controlfield>
  <controlfield tag="005">20200302</controlfield>
  <controlfield tag="008">970702s1933    ua            ||0 0 ara d</controlfield>
  <datafield tag="035" ind1=" " ind2=" ">
    <subfield code="a">ocn784361468</subfield>
  </datafield>
  <datafield tag="040" ind1=" " ind2=" ">
    <subfield code="a">LEAUB</subfield>
    <subfield code="b">ara</subfield>
    <subfield code="e">rda</subfield>
    <subfield code="c">LEAUB</subfield>
    <subfield code="d">LEAUB</subfield>
  </datafield>
  <datafield tag="041" ind1="0" ind2=" ">
    <subfield code="a">ara</subfield>
    <subfield code="b">fre</subfield>
  </datafield>
  <datafield tag="082" ind1="0" ind2="4">
    <subfield code="a">615</subfield>
    <subfield code="2">23</subfield>
  </datafield>
  <datafield tag="100" ind1="1" ind2=" ">
    <subfield code="6">880-01</subfield>
    <subfield code="a">Ibn Abī al-Bayān, Abū al-Faḍl Dāwūd ibn Sulaymān,</subfield>
    <subfield code="d">1161-</subfield>
    <subfield code="e">author.</subfield>
    <subfield code="0">http://id.loc.gov/authorities/names/n88613730 ,</subfield>
  </datafield>
  <datafield tag="245" ind1="1" ind2="0">
    <subfield code="6">880-02</subfield>
    <subfield code="a">al-Dustūr al-Bīmāristānī /</subfield>
    <subfield code="c">lil-Shaykh al-sadīd ibn Abī al-Bayān al-Isrāʼīlī, al-mawlūd bi-al-Qāhirah fī sanat 1161 ; ouvrage annote et publie pour la premiere fois par le. R. P. Paul Sbath.</subfield>
  </datafield>
  <datafield tag="246" ind1="3" ind2="1">
    <subfield code="a">Formulaire des Hôpitaux d'Ibn Abil Bayan :</subfield>
    <subfield code="b">Medecin du Bimaristan Annacery au Caire, au xiii siècle</subfield>
  </datafield>
  <datafield tag="264" ind1=" " ind2="1">
    <subfield code="a">[Cairo] :</subfield>
    <subfield code="b">Imprimerie de L'Institut Français D'Archeologie Orientale،</subfield>
    <subfield code="c">1933.</subfield>
  </datafield>
  <datafield tag="300" ind1=" " ind2=" ">
    <subfield code="6">880-03</subfield>
    <subfield code="a">80 pages ;</subfield>
    <subfield code="c">24 cm</subfield>
  </datafield>
  <datafield tag="336" ind1=" " ind2=" ">
    <subfield code="a">text</subfield>
    <subfield code="b">txt</subfield>
    <subfield code="2">rdacontent</subfield>
  </datafield>
  <datafield tag="337" ind1=" " ind2=" ">
    <subfield code="a">unmediated</subfield>
    <subfield code="b">n</subfield>
    <subfield code="2">rdamedia</subfield>
  </datafield>
  <datafield tag="338" ind1=" " ind2=" ">
    <subfield code="a">volume</subfield>
    <subfield code="b">nc</subfield>
    <subfield code="2">rdacarrier</subfield>
  </datafield>
  <datafield tag="500" ind1=" " ind2=" ">
    <subfield code="a">عنوان موازي: Formulaire des Hôpitaux d'Ibn Abil Bayan : Medecin du Bimaristan Annacery au Caire, au xiii siècle.</subfield>
  </datafield>
  <datafield tag="546" ind1=" " ind2=" ">
    <subfield code="a">النص بالعربية؛ مع مقدمة بالفرنسية.</subfield>
  </datafield>
  <datafield tag="588" ind1=" " ind2=" ">
    <subfield code="a">المؤلف أخذ من التوطئة صفحة 16.</subfield>
  </datafield>
  <datafield tag="590" ind1=" " ind2=" ">
    <subfield code="a">صفحة عنوان بالعربية مترجمة ومطبوعة من قبل المفهرس.</subfield>
  </datafield>
  <datafield tag="650" ind1=" " ind2="4">
    <subfield code="a">الطب</subfield>
    <subfield code="v">وصفات طبية.</subfield>
  </datafield>
  <datafield tag="650" ind1=" " ind2="4">
    <subfield code="a">الأدوية.</subfield>
  </datafield>
  <datafield tag="650" ind1=" " ind2="4">
    <subfield code="a">المادة الطبية.</subfield>
  </datafield>
  <datafield tag="650" ind1=" " ind2="0">
    <subfield code="a">Medicine</subfield>
    <subfield code="v">Formulae, receipts, prescriptions.</subfield>
  </datafield>
  <datafield tag="650" ind1=" " ind2="0">
    <subfield code="a">Materia medica.</subfield>
  </datafield>
  <datafield tag="650" ind1=" " ind2="0">
    <subfield code="a">Drugs.</subfield>
  </datafield>
  <datafield tag="700" ind1="1" ind2=" ">
    <subfield code="6">880-04</subfield>
    <subfield code="a">Sbath, Paul.</subfield>
    <subfield code="e">annotator.</subfield>
    <subfield code="0">http://id.loc.gov/authorities/names/nr91020521 ,</subfield>
  </datafield>
  <datafield tag="880" ind1="1" ind2=" ">
    <subfield code="6">100-01/(3/r</subfield>
    <subfield code="a">ابن ابي البيان، ابو الفضل داود بن سليمان،</subfield>
    <subfield code="d">1161-</subfield>
    <subfield code="0">http://id.loc.gov/authorities/names/n88613730 ,</subfield>
    <subfield code="e">مؤلف. </subfield>
    <subfield code="4">aut.</subfield>
  </datafield>
  <datafield tag="880" ind1="1" ind2="3">
    <subfield code="6">245-02/(3/r</subfield>
    <subfield code="a">الدستور البيمارستاني /</subfield>
    <subfield code="c">للشيخ السديد بن أبي البيان الاسرائيلي، المولود بالقاهرة في سنة 1161 ؛ ouvrage annoté et publié pour la première fois par le. R. P. Paul Sbath.</subfield>
  </datafield>
  <datafield tag="880" ind1=" " ind2=" ">
    <subfield code="6">300-03/(3/r</subfield>
    <subfield code="a">80 صفحة ؛</subfield>
    <subfield code="c">24 سم</subfield>
  </datafield>
  <datafield tag="880" ind1="1" ind2=" ">
    <subfield code="6">700-04/(3/r</subfield>
    <subfield code="a">سباط، بول،</subfield>
    <subfield code="0">http://id.loc.gov/authorities/names/nr91020521 ,</subfield>
    <subfield code="e">محقق. </subfield>
    <subfield code="4">ann.</subfield>
  </datafield>
  <datafield tag="907" ind1=" " ind2=" ">
    <subfield code="a">.b12499687</subfield>
    <subfield code="b">20-03-16</subfield>
    <subfield code="c">11-05-24</subfield>
  </datafield>
  <datafield tag="907" ind1=" " ind2=" ">
    <subfield code="a">.b12499687</subfield>
    <subfield code="b">15-10-15</subfield>
    <subfield code="c">11-05-24</subfield>
  </datafield>
  <datafield tag="945" ind1=" " ind2=" ">
    <subfield code="f">J</subfield>
    <subfield code="a">615:I85dA</subfield>
    <subfield code="i">01028879</subfield>
    <subfield code="j">.i12994546</subfield>
    <subfield code="l">u0503</subfield>
  </datafield>
  <datafield tag="998" ind1=" " ind2=" ">
    <subfield code="a">u05</subfield>
    <subfield code="b">97-07-02</subfield>
    <subfield code="c">m</subfield>
    <subfield code="d">a  </subfield>
    <subfield code="e">-</subfield>
    <subfield code="f">ara</subfield>
    <subfield code="g">ua </subfield>
    <subfield code="h">0</subfield>
    <subfield code="i">1</subfield>
  </datafield>
</record>
</collection>
